@article{peleg2018collective,
    title = {Collective mechanical adaptation of honeybee swarms},
    author = {Peleg, Orit and Peters, Jacob M and Salcedo, Mary K and Mahadevan,
              Lakshminarayanan},
    journal = {Nature Physics},
    volume = {14},
    number = {12},
    pages = {1193--1198},
    year = {2018},
    publisher = {Nature Publishing Group UK London},
}

@inproceedings{perlin2002improving,
    title = {Improving noise},
    author = {Perlin, Ken},
    booktitle = {Proceedings of the 29th annual conference on Computer graphics
                 and interactive techniques},
    pages = {681--682},
    year = {2002},
}

@article{grozinger2014molecules,
    title = {From molecules to societies: mechanisms regulating swarming
             behavior in honey bees (Apis spp.)},
    author = {Grozinger, Christina M and Richards, Jessica and Mattila, Heather
              R},
    journal = {Apidologie},
    volume = {45},
    pages = {327--346},
    year = {2014},
    publisher = {Springer},
}

@article{shishkov2022strength,
    title = {Strength-mass scaling law governs mass distribution inside honey
             bee swarms},
    author = {Shishkov, Olga and Chen, Claudia and Madonna, Claire Allison and
              Jayaram, Kaushik and Peleg, Orit},
    journal = {Scientific reports},
    volume = {12},
    number = {1},
    pages = {17388},
    year = {2022},
    publisher = {Nature Publishing Group UK London},
}

@article{fetecau2012mathematical,
    title = {A mathematical model for flight guidance in honeybee swarms},
    author = {Fetecau, RC and Guo, A},
    journal = {Bulletin of mathematical biology},
    volume = {74},
    pages = {2600--2621},
    year = {2012},
    publisher = {Springer},
}

@article{fefferman2006modeling,
    title = {A modeling approach to swarming in honey bees (Apis mellifera)},
    author = {Fefferman, NH and Starks, PT},
    journal = {Insectes sociaux},
    volume = {53},
    pages = {37--45},
    year = {2006},
    publisher = {Springer},
}

@article{lin2003economics,
    title = {The economics of honeybee swarming},
    author = {Lin, Chung-cheng and Chen, Tze-wei and Lai, Ching-chong},
    journal = {Regional Science and Urban Economics},
    volume = {33},
    number = {5},
    pages = {581--594},
    year = {2003},
    publisher = {Elsevier},
}

@article{schmickl2011beeclust,
    title = {BEECLUST: A swarm algorithm derived from honeybees},
    author = {Schmickl, Thomas and Hamann, Heiko},
    journal = {Bio-inspired computing and communication networks},
    pages = {95--137},
    year = {2011},
    publisher = {CRC Press Boca Raton, FL},
}

@article{anderson2002self,
    title = {Self-assemblages in insect societies},
    author = {Anderson, Carl and Theraulaz, Guy and Deneubourg, J-L},
    journal = {Insectes sociaux},
    volume = {49},
    pages = {99--110},
    year = {2002},
    publisher = {Springer},
}

@article{carlesso2023become,
    title = {How to become one: the proximate mechanisms of self-assembly
             behaviour in social insects (Hymenoptera: Formicidae, Apidae)},
    author = {Carlesso, Daniele and Reid, Chris R},
    journal = {Myrmecological News},
    volume = {33},
    year = {2023},
}

@article{heinrich1981mechanisms,
  title={The mechanisms and energetics of honeybee swarm temperature regulation},
  author={Heinrich, Bernd},
  journal={Journal of Experimental Biology},
  volume={91},
  number={1},
  pages={25--55},
  year={1981},
  publisher={The Company of Biologists Ltd}
}
